% This file was created with JabRef 2.7b.
% Encoding: UTF-8

@BOOK{brouard1989mouvements,
  title = {Mouvements et mod{\`e}les de population},
  publisher = {Institut de formation et de recherche d{\'e}mographiques},
  year = {1989},
  author = {Brouard, Nicolas},
  owner = {triffe},
  timestamp = {2014.06.04}
}

@ARTICLE{brouard1986structure,
  author = {Brouard, Nicolas},
  title = {Structure et dynamique des populations. La pyramide des ann{\'e}es
	{\`a} vivre, aspects nationaux et exemples r{\'e}gionaux},
  journal = {Espace, populations, soci{\'e}t{\'e}s},
  year = {1986},
  volume = {4},
  pages = {157--168},
  number = {2},
  owner = {triffe},
  publisher = {Universit{\'e} des Sciences et Technologies de Lille},
  timestamp = {2014.06.04}
}

@MISC{HMD,
  author = {University of California, Berkeley (USA), and Max Planck Institute
	for Demographic Research (Germany)},
  title = {Human Mortality Database},
  note = {Available at www.mortality.org or www.humanmortality.de (data downloaded
	on July 10, 2014).},
  owner = {triffe},
  timestamp = {2014.07.10}
}

@ARTICLE{vaupel2009life,
  author = {Vaupel, James W},
  title = {Life lived and left: Carey's equality},
  journal = {Demographic Research},
  year = {2009},
  volume = {20},
  pages = {7--10},
  number = {3},
  owner = {triffe},
  publisher = {Max Planck Institute for Demographic Research, Rostock, Germany},
  timestamp = {2013.02.22}
}

@comment{jabref-meta: selector_publisher:}

@comment{jabref-meta: selector_author:}

@comment{jabref-meta: selector_journal:}

@comment{jabref-meta: selector_keywords:}

